@misc{wiki:1,
    author      = {Wikipedia~contributors},
    title       = {Arduino --- {Wikipedia}{,} The Free Encyclopedia},
    url         = {https://en.wikipedia.org/w/index.php?title=Arduino&oldid=839287116},
    lastchecked = {15.05.18},
    year        = {2018},
  }

@misc{wiki:2,
    author      = {Wikipedia~contributors},
    title       = {Git --- {Wikipedia}{,} The Free Encyclopedia},
    year        = {2018},
    url         = {https://en.wikipedia.org/w/index.php?title=Git&oldid=840401990},
    lastchecked = {15.05.18},
  }

@misc{wiki:pid,
    author      = {Wikipedia~contributors},
    title       = {PID controller --- {Wikipedia}{,} The Free Encyclopedia},
    year        = {2018},
    url         = {https://en.wikipedia.org/w/index.php?title=PID_controller&oldid=841844294},
    lastchecked = {15.05.18},
  }

@misc{arduino:1,
    title       = {Introduction to Arduino},
    url         = {https://www.arduino.cc/en/Guide/Introduction},
    lastchecked = {15.05.18},
    year        = {2018},
  }

@misc{grove:1,
    author      = {Seeed},
    title       = {Base Shield V2},
    year        = {2018},
    url         = {https://www.seeedstudio.com/Base-Shield-V2-p-1378.html},
    lastchecked = {15.05.18},
  }

@misc{trans:1,
    author      = {Dan Hutcheson},
    title       = {A look at Moore's Law},
    year        = {2018},
    url         = {https://spectrum.ieee.org/computing/hardware/transistor-production-has-reached-astronomical-scales},
    lastchecked = {15.05.18},
  }

@misc{avrguide,
    author  = {QEEWiki},
    title   = {PWM On The ATmega328},
    year    = {2018},
    url     = {https://sites.google.com/site/qeewiki/books/avr-guide/pwm-on-the-atmega328},
    lastchecked = {15.05.18},
  }

@online{lm358,
   key          = {Texas Instruments},
   organisation = {II-VI Incorporated, Ltd.},
   title        = {LMx58-N Low-Power, Dual-Operational Amplifiers},
   url          = {http://www.ti.com/lit/ds/symlink/lm158-n.pdf},
   lastchecked  = {22.02.2021},
   year         = 2021
}

@online{fanpinout,
   key          = {Noctua},
   organisation = {Noctua},
   title        = {Pin-configuration of Noctua products},
   url          = {https://noctua.at/en/productfaqs/productfaq/view/id/215/},
   lastchecked  = {22.02.2021},
   year         = 2021
}

@misc{fan,
   key          = {Noctua},
   organisation = {Noctua},
   title        = {NF-A12x25 5V PWM},
   url          = {https://noctua.at/en/products/fan/nf-a12x25-5v-pwm},
   lastchecked  = {22.02.2021},
   year         = {2021},
}

@online{scpi,
   key          = {IVI},
   organisation = {IVI Foundation},
   title        = {SCPI-1999 Specification},
   url          = {https://www.ivifoundation.org/docs/scpi-99.pdf},
   lastchecked  = {22.02.2021},
   year         = {2021},
}

@online{fritz,
   key          = {Fritzing},
   organisation = {Fritzing GmbH},
   title        = {fritzing --- electronics made easy},
   url          = {https://fritzing.org/},
   lastchecked  = {23.02.2021},
   year         = {2021},
}

@online{man,
  author      = {Pirmin Berger and Michael Reichmann},
  title       = {Advanced Physics Lab --- Electronics A+D},
  url         = {https://github.com/michareichmann/ManualElectronicsA-D},
  lastchecked = {23.02.2021},
  year        = {2021},
}

@inbook{filter,
  author    = {Izadian, Afshin},
  title     = {Passive Filters},
  bookTitle = {Fundamentals of Modern Electric Circuit Analysis and Filter Synthesis: A Transfer Function Approach},
  year      = {2019},
  publisher = {Springer International Publishing},
  address   = {Cham},
  pages     = {341--398},
  isbn      = {978-3-030-02484-0},
  doi       = {10.1007/978-3-030-02484-0_9},
  url       = {https://doi.org/10.1007/978-3-030-02484-0_9}
}

@book{olsen,
  title     = {Electronics: A General Introduction for the Non-Specialist},
  author    = {Olsen, G.H.},
  isbn      = {9781489965356},
  year      = {2013},
  publisher = {Springer US}
}

@book{git,
  author    = {Chacon, Scott and Straub, Ben},
  title     = {Pro Git; 2nd ed.},
  publisher = {Apress},
  address   = {New York, NY},
  series    = {The expert's voice},
  year      = {2014},
%  url       = {https://cds.cern.ch/record/1979891},
  doi       = {10.1007/978-1-4842-0076-6}
}

